@Misc{TeXFAQ,
  title =        {{UK} List of {\TeX} Frequently Asked Questions},
  author =       {{UK \TeX{} Users Group}},
  year =         2019,
  howpublished = {\url{https://texfaq.org}}
}

@Manual{Downes04:amsart,
  title =        {The \textsf{amsart}, \textsf{amsproc}, and
                  \textsf{amsbook} document~classes},
  author =       {Michael Downes and Barbara Beeton},
  organization = {American Mathematical Society},
  year =         2004,
  month =        aug,
  note =         {\url{http://www.ctan.org/pkg/amslatex}}
}

@Manual{Fiorio15,
  title =        {{a}lgorithm2e.sty---package for algorithms},
  author =       {Cristophe Fiorio},
  year =         2015,
  month =        oct,
  note =         {\url{http://www.ctan.org/pkg/algorithm2e}}
}

@Manual{Brito09,
  title =        {The algorithms bundle},
  author =       {Rog\'erio Brito},
  year =         2009,
  month =        aug,
  note =         {\url{http://www.ctan.org/pkg/algorithms}}
}

@Manual{Heinz15,
  title =        {The Listings Package},
  author =       {Carsten Heinz and Brooks Moses and Jobst Hoffmann},
  year =         2015,
  month =        jun,
  note =         {\url{http://www.ctan.org/pkg/listings}}
}

@Manual{Fear05,
  title =        {Publication quality tables in {\LaTeX}},
  author =       {Simon Fear},
  year =         2005,
  month =        apr,
  note =         {\url{http://www.ctan.org/pkg/booktabs}}
}

@Manual{ACMIdentityStandards,
  title =        {{ACM} Visual Identity Standards},
  organization = {Association for Computing Machinery},
  year =         2007,
  note =         {\url{http://identitystandards.acm.org}}
}

@Manual{Sommerfeldt13:Subcaption,
  title =        {The subcaption package},
  author =       {Axel Sommerfeldt},
  year =         2013,
  month =        apr,
  note =         {\url{http://www.ctan.org/pkg/subcaption}}
}

@Manual{Nomencl,
  title =        {A package to create a nomenclature},
  author =       {Boris Veytsman and Bern Schandl and Lee Netherton
                  and C. V. Radhakrishnan},
  year =         2005,
  month =        sep,
  note =         {\url{http://www.ctan.org/pkg/nomencl}}
}

@Manual{Talbot16:Glossaries,
  title =        {User Manual for glossaries.sty v4.25},
  author =       {Nicola L. C. Talbot},
  year =         2016,
  month =        jun,
  note =         {\url{http://www.ctan.org/pkg/subcaption}}
}

@Manual{Carlisle04:Textcase,
  title =        {The \textsl{textcase} package},
  author =       {David Carlisle},
  month =        oct,
  year =         2004,
  note =         {\url{http://www.ctan.org/pkg/textcase}}
}

@article{jiangcnn,
	author = {Jiang, Wei},
	year = {2018},
	month = {12},
	title = {Method for Detecting Javascript Code Obfuscation based on Convolutional Neural Network},
	volume = {14},
	journal = {International Journal of Performability Engineering},
	doi = {10.23940/ijpe.18.12.p26.31673173}
}
@article{jsnice1,
	author = {Raychev, Veselin and Vechev, Martin and Krause, Andreas},
	title = {Predicting Program Properties from 'Big Code'},
	journal = {Commun. ACM},
	issue_date = {March 2019},
	volume = {62},
	number = {3},
	year = {2019},
	issn = {0001-0782},
	pages = {99--107},
	numpages = {9},
	url = {http://doi.acm.org/10.1145/3306204},
	doi = {10.1145/3306204},
	acmid = {3306204},
	publisher = {ACM},
	address = {New York, NY, USA},
}

@article{jsnice2,
	author = {Raychev, Veselin and Vechev, Martin and Krause, Andreas},
	title = {Predicting Program Properties from "Big Code"},
	journal = {SIGPLAN Not.},
	issue_date = {January 2015},
	volume = {50},
	number = {1},
	year = {2015},
	issn = {0362-1340},
	pages = {111--124},
	numpages = {14},
	url = {http://doi.acm.org/10.1145/2775051.2677009},
	doi = {10.1145/2775051.2677009},
	acmid = {2677009},
	publisher = {ACM},
	address = {New York, NY, USA},
	keywords = {big code, closure compiler, conditional random fields, javascript, names, program properties, structured prediction, types},
} 
@ONLINE{jsnice3,
	title = {JS NICE: Statistical renaming, Type inference and Deobfuscation},
	URL = {https://jsnice.org},
	urldate= {2019-03-07},
}
@ONLINE{nice2predict,
	title = {Nice2Predict},
	URL = {https://jsnice.org},
	urldate= {2019-03-07},
}
@inproceedings{bichselandroid,
	author = {Bichsel, Benjamin and Raychev, Veselin and Tsankov, Petar and Vechev, Martin},
	title = {Statistical Deobfuscation of Android Applications},
	booktitle = {Proceedings of the 2016 ACM SIGSAC Conference on Computer and Communications Security},
	series = {CCS '16},
	year = {2016},
	isbn = {978-1-4503-4139-4},
	location = {Vienna, Austria},
	pages = {343--355},
	numpages = {13},
	url = {http://doi.acm.org/10.1145/2976749.2978422},
	doi = {10.1145/2976749.2978422},
	acmid = {2978422},
	publisher = {ACM},
	address = {New York, NY, USA},
	keywords = {malware inspection, program deobfuscation, reverse engineering},
}


@article{Raychev2014,
	author = {Raychev, Veselin and Vechev, Martin and Yahav, Eran},
	title = {Code Completion with Statistical Language Models},
	journal = {SIGPLAN Not.},
	issue_date = {June 2014},
	volume = {49},
	number = {6},
	month = jun,
	year = {2014},
	issn = {0362-1340},
	pages = {419--428},
	numpages = {10},
	url = {http://doi.acm.org/10.1145/2666356.2594321},
	doi = {10.1145/2666356.2594321},
	acmid = {2594321},
	publisher = {ACM},
	address = {New York, NY, USA},
} 

@inproceedings{forth,
	author = {Bo\v{s}njak, Matko and Rockt\"{a}schel, Tim and Naradowsky, Jason and Riedel, Sebastian},
	title = {Programming with a Differentiable Forth Interpreter},
	booktitle = {Proceedings of the 34th International Conference on Machine Learning - Volume 70},
	series = {ICML'17},
	year = {2017},
	location = {Sydney, NSW, Australia},
	pages = {547--556},
	numpages = {10},
	url = {http://dl.acm.org/citation.cfm?id=3305381.3305438},
	acmid = {3305438},
	publisher = {JMLR.org},
} 
@ONLINE{bigcodedataset,
	title = {Datasets - Learning from "Big Code"},
	URL = {https://learnbigcode.github.io/datasets/},
	urldate= {2019-03-07},
}
@article{neelkant,
	author    = {Neel Kant},
	title     = {Recent Advances in Neural Program Synthesis},
	journal   = {CoRR},
	volume    = {abs/1802.02353},
	year      = {2018},
	url       = {http://arxiv.org/abs/1802.02353},
	archivePrefix = {arXiv},
	eprint    = {1802.02353},
	timestamp = {Mon, 13 Aug 2018 16:46:30 +0200},
	biburl    = {https://dblp.org/rec/bib/journals/corr/abs-1802-02353},
	bibsource = {dblp computer science bibliography, https://dblp.org}
}
@article{ntm,
	author    = {Alex Graves and
	Greg Wayne and
	Ivo Danihelka},
	title     = {Neural Turing Machines},
	journal   = {CoRR},
	volume    = {abs/1410.5401},
	year      = {2014},
	url       = {http://arxiv.org/abs/1410.5401},
	archivePrefix = {arXiv},
	eprint    = {1410.5401},
	timestamp = {Mon, 13 Aug 2018 16:46:28 +0200},
	biburl    = {https://dblp.org/rec/bib/journals/corr/GravesWD14},
	bibsource = {dblp computer science bibliography, https://dblp.org}
}
@article{lstm,
	author = {Hochreiter, Sepp and Schmidhuber, J\"{u}rgen},
	title = {Long Short-Term Memory},
	journal = {Neural Comput.},
	issue_date = {November 15, 1997},
	volume = {9},
	number = {8},
	month = nov,
	year = {1997},
	issn = {0899-7667},
	pages = {1735--1780},
	numpages = {46},
	url = {http://dx.doi.org/10.1162/neco.1997.9.8.1735},
	doi = {10.1162/neco.1997.9.8.1735},
	acmid = {1246450},
	publisher = {MIT Press},
	address = {Cambridge, MA, USA},
} 

@techreport{nlprnn, 
	author = {Xi Victoria Lin and Chenglong Wang and Deric Pang and Kevin Vu and Luke Zettlemoyer and Michael D. Ernst}, 
	title = {Program synthesis from natural language using recurrent neural networks}, 
	institution = {University of Washington Department of Computer Science and Engineering}, 
	number = {UW-CSE-17-03-01}, 
	address = {Seattle, WA, USA}, 
	month = mar, 
	year = {2017} 
}