% This file was created with JabRef 2.8.
% Encoding: UTF8

@Book{benevides2012aed,
  title =     {{A}dvanced engineering design - {A}n integrated approach},
  publisher = {Woodhead Publishing},
  year =      {2012},
  author =    {Efr\'{e}n M. Benavides},
  owner =     {foley},
  timestamp = {2016.2.10}
}

@InProceedings{bragason2015parachuterelease,
  author =    {Guðmundur Bragason and Steinar Þorsteinsson and Rútur Ingi Karlsson and Nico Grosse and Joseph Timothy Foley},
  title =     {{H}eat-activated {P}arachute {R}elease {S}ystem},
  year =      {2015},
  pages =     {131--136},
  crossref =  {icad2015},
  doi =       {10.1016/j.procir.2015.07.061},
  owner =     {foley},
  timestamp = {2016-03-09},
  OPTurl =       {http://www.sciencedirect.com/science/article/pii/S2212827115008203}
}

@BOOK{carryer2011IntroMechatronics,
  title = {Introduction to Mechatronic Design},
  publisher = {Pearson Education},
  year = {2011},
  author = {J. Edward Carryer and R. Matthew Ohline and Thomas W. Kenny},
  optaddress = {address},
  optannote = {annote},
  optedition = {edition},
  optkey = {key},
  optmonth = {month},
  optnote = {note},
  optnumber = {number},
  optseries = {series},
  optvolume = {volume}
}

@Article{cochran2016msdd,
  Title                    = {{U}se of the {M}anufacturing {S}ystem {D}esign {D}ecomposition for {C}omparative {A}nalysis and {E}ffective {D}esign of {P}roduction {S}ystems},
  Author                   = {David S. Cochran and Joseph T. Foley and Zhuming Bi},
  Year                     = {2016},
  Pages                    = {24},

  Journal                  = {International Journal of Production Research}
}


@ONLINE{goedegebure2015bigbuckbunny,
  author = {Sacha Goedegebure and Andy Goralczyk and Enrico Valenza and Nathan Vegdahl and William Reynish and Brecht Van Lommel and Campbell Barton and Jan Morgenstern and Ton Roosendaal},
  title = {Big Buck Bunny},
  year = 2008,
  month = 3,
  day = 19,
  file = {big_buck_bunny_720x480_1mb.mp4},
  URL = {http://peach.blender.org},
}

@InProceedings{gerhard2016suretrack,
  author = {Kristján Gerhard and Joseph Timothy Foley},
  title = {Redesign of the {S}ureTrack grader transfer bin using {A}xiomatic {D}esign},
  pages = {6},
  crossref = {icad2016},
  owner = {foley},
  timestamp = {2016.08.16},
}

@InProceedings{guls2016auvlight,
  author = {Jevgenij Guls and \'{O}lafur Ingi Bjarnason and \'{O}skar P\'{e}tursson and Sævar \"{O}rn Einarsson and Joseph Timothy Foley},
  title = {{A}pplication of {A}xiomatic {D}esign in designing Autonomous Underwater photography lighting},
  pages = {6},
  crossref = {icad2016},
  owner = {foley},
  timestamp = {2016.08.16},
}

@ONLINE{hall_virtuousmachines,
    author = {J. Storrs Hall},
    title = {The Age of Virtuous Machines},
    publisher = {Lifeboat Foundation: Safegarding Humanity Website},
    url = {http://lifeboat.com/ex/the.age.of.virtuous.machines},
}

@InProceedings{jonsson2015uget,
  author =    {Berg\th{}\'{o}r L\'{a}r J\'{o}nsson and Gar\dt{}ar \"{O}rn Gar\dh{}arsson and \'{O}skar P\'{e}tursson and Sigur\dh{}ur Bjarki Hlynsson and Joseph Timothy Foley},
  title =     {{U}ltrasonic gasoline evaporation transducer --- reduction of internal combustion engine fuel consumption using axiomatic design},
  year =      {2015},
  pages =     {168--172},
  crossref =  {icad2015},
  doi =       {10.1016/j.procir.2015.07.061},
  owner =     {foley},
  timestamp = {2016-03-09},
  url =       {http://www.sciencedirect.com/science/article/pii/S2212827115008203}
}


@MISC{kreher2005pseudocode,
  author = {D.L. Kreher and D.R. Stinson},
  title = {Pseudocode: A {LaTeX} Style File for Displaying Algorithms},
  year = {2005},
  url = {http://mirror.hmc.edu/ctan/macros/latex/contrib/pseudocode/pseudocode.pdf}
}

@ONLINE{krystek2003moonhoax,
    title = {The Great Moon Landing Hoax},
    author = {Lee Krystek},
    year = 2003,
    publisher = {The Museum of Unnatural History Website},
    url = {http://www.unmuseum.org/moonhoax.htm},
}

@InProceedings{omarsdottir2016chessmate,
  author = {Freyja Yeatman Ómarsdóttir and Róbert Bjarnar Ólafsson and Joseph Timothy Foley},
  title = {The axiomatic design of Chessmate: a chess-playing robot},
  pages = {6},
  crossref = {icad2016},
  owner = {foley},
  timestamp = {2016.07.15},
}

@ONLINE{ramirez2010sharkweek,
    author = {Richard Ramirez},
    title = {Shark Week},
    year = {2010},
    publisher = {Atomic Gator Wordpress},
    url = {http://atomicgator.wordpress.com/2010/08/01/shark-week/},
}

@InProceedings{solvason2015spectrometer,
  author =    {Gunnar Óli Sölvason and Joseph Timothy Foley},
  title =     {{L}ow-cost spectrometer for {I}celandic chemistry education},
  year =      {2015},
  pages =     {156--161},
  crossref =  {icad2015},
  doi =       {10.1016/j.procir.2015.07.061},
  owner =     {foley},
  timestamp = {2016-03-09},
  url =       {http://www.sciencedirect.com/science/article/pii/S2212827115008203}
}

@InProceedings{suh2015challenges,
  author =    {Nam Pyo Suh},
  title =     {{C}hallenges in dealing with large systems},
  year =      {2015},
  pages =     {1--15},
  note =      {Keynote},
  crossref =  {icad2015},
  owner =     {foley},
  timestamp = {2016-02-21}
}

@Book{suh1990principles,
  title =     {{T}he {P}rinciples of {D}esign},
  publisher = {Oxford University Press},
  year =      {1990},
  author =    {Nam Pyo Suh},
  owner =     {foley},
  timestamp = {2016.02.23}
}

@Article{suh1995designinginquality,
  author =    {Nam Pyo Suh},
  title =     {{D}esigning-in of quality through axiomatic design},
  journal =   {Reliability, IEEE Transactions on},
  year =      {1995},
  volume =    {44},
  number =    {2},
  pages =     {256-264},
  owner =     {foley},
  timestamp = {2016.02.23}
}

@Article{suh1998adsystems,
  author =    {Nam Pyo Suh},
  title =     {{A}xiomatic design theory for systems},
  journal =   {Research in engineering design},
  year =      {1998},
  volume =    {10},
  number =    {4},
  pages =     {189-209},
  owner =     {foley},
  publisher = {Springer},
  timestamp = {2016.02.23}
}

@InProceedings{suh1998manufacturing,
  author =    {Nam Pyo Suh and David S. Cochran and P. C. Lima},
  title =     {{M}anufacturing {S}ystem {D}esign},
  booktitle = {48th {G}eneral {A}ssembly of {C}ollege {I}nternational {P}our {L}a {R}echerche en {P}roductique ({CIRP}), {A}nnals of the {CIRP}},
  year =      {1998},
  volume =    {47},
  pages =     {627--639},
  owner =     {foley},
  timestamp = {2016-02-20}
}

@Book{suh2001axiomatic,
  title =     {{A}xiomatic {D}esign - {A}dvances and {A}pplications},
  publisher = {Oxford University Press},
  year =      {2001},
  author =    {Nam Pyo Suh},
  owner =     {foley},
  timestamp = {2016-03-09}
}

@Book{suh2005complexity,
  title =     {{C}omplexity},
  publisher = {Oxford University Press},
  year =      {2005},
  author =    {Nam Pyo Suh},
  owner =     {foley},
  timestamp = {2016.02.23}
}

@InProceedings{thompson2013classification,
  author = {Mary Katheryn Thompson},
  title = {A classification of procedural errors in the definition of functional requirements in {A}xiomatic {D}esign theory},
  year = {2013},
  pages = {1--6},
  crossref = {icad2013},
  owner =     {foley},
  timestamp = {2016-06-01}  
}

@MISC{verna2013fixme,
  author = {Didier Verna},
  title = {FiXme -- Collaborative annotation tool for LaTeX},
  howpublished = {Online},
  month = jan,
  year = {2013},
  owner = {foley},
  timestamp = {2014.10.17},
  url = {http://ctan.uib.no/macros/latex/contrib/fixme/fixme.pdf}
}

@MISC{Warbrick94essentiallatex,
  author = {Jon Warbrick},
  title = {Essential LATEX ++},
  year = {1994}
}

@MISC{wright2014siunitx,
  author = {Joseph Wright},
  title = {siunitx -- A comprehensive (SI) units package},
  howpublished = {Online},
  month = oct,
  year = {2014},
  owner = {foley},
  timestamp = {2014.10.17},
  url = {http://ctan.uib.no/macros/latex/contrib/siunitx/siunitx.pdf}
}

@MISC{URL:ru.is,
  title = {Reykjavik University Website},
  key = {Reykjavik University},
  url = {www.ru.is}
}

%% the crossref targets go at the end

@Proceedings{icad2013,
  title =        {7th {I}nternational {C}onference on {A}xiomatic {D}esign ({ICAD} 2013)},
  year =         {2013},
  editor =       {Mary Kathryn Thompson},
  volume =       {32},
  address =      {Worchester, MA},
  publisher =    {Axiomatic Design Solutions, Inc.},
  note =         {Jun. 27--28},
  organization = {CIRP},
  booktitle =    {8th {I}nternational {C}onference on {A}xiomatic {D}esign ({ICAD} 2014)},
  optmonth =     {#jun#},
  owner =        {foley},
  timestamp =    {2016.02.23}
}


@Proceedings{icad2014,
  title =        {8th {I}nternational {C}onference on {A}xiomatic {D}esign ({ICAD} 2014)},
  year =         {2014},
  editor =       {Mary Kathryn Thompson},
  volume =       {33},
  address =      {Lisboa, Portugal},
  publisher =    {Axiomatic Design Solutions, Inc.},
  note =         {Sep. 24--26},
  organization = {CIRP},
  booktitle =    {8th {I}nternational {C}onference on {A}xiomatic {D}esign ({ICAD} 2014)},
  optmonth =     {#sep#},
  owner =        {foley},
  timestamp =    {2016.02.23}
}

@Proceedings{icad2015,
  title =        {9th {I}nternational {C}onference on {A}xiomatic {D}esign ({ICAD})},
  year =         {2015},
  editor =       {Mary Kathryn Thompson and Alessandro Giorgetti and Paolo Citti and Dominik Matt and Nam P. Suh},
  volume =       {34},
  address =      {Florence, Italy},
  publisher =    {Elsevier ScienceDirect},
  organization = {Procedia CIRP},
  booktitle =    {Procedia CIRP, 9th {I}nternational {C}onference on {A}xiomatic {D}esign ({ICAD})},
  doi =          {10.1016/j.procir.2015.07.061},
  owner =        {foley},
  timestamp =    {2016-03-09}
}

@Proceedings{icad2016,
  title =        {10th {I}nternational {C}onference on {A}xiomatic {D}esign ({ICAD})},
  year =         {2016},
  editor =       {Ang Liu},
  volume =       {35},
  address =      {Xi'an, China},
  publisher =    {Elsevier ScienceDirect},
  organization = {Procedia CIRP},
  booktitle =    {Procedia CIRP, 10th {I}nternational {C}onference on {A}xiomatic {D}esign ({ICAD})},
  owner =        {foley},
  timestamp =    {2016-08-16},
}

@INPROCEEDINGS{abn,
	author={Z. Chen and J. Yu and Y. Zhu and Y. Chen and M. Li},
	booktitle={2015 12th Annual IEEE International Conference on Sensing, Communication, and Networking (SECON)},
	title={D3: Abnormal driving behaviors detection and identification using smartphone sensors},
	year={2015},
	volume={},
	number={},
	pages={524-532},
	keywords={accelerometers;accident prevention;driver information systems;feature extraction;learning (artificial intelligence);road accidents;smart phones;support vector machines;abnormal driving behavior detection;abnormal driving behavior identification;smartphone sensor;driving safety;car accident prevention;fine-grained abnormal driving behavior detection and identification system;features extracting;accelerometer;orientation sensor;machine learning method;support vector machine;SVM;classifier model;Sensors;Vehicles;Acceleration;Monitoring;Accelerometers;Turning;Weaving},
	doi={10.1109/SAHCN.2015.7338354},
	ISSN={},
	month={June},}
@inproceedings{dui,
	author = {Mariakakis, Alex and Parsi, Sayna and Patel, Shwetak N. and Wobbrock, Jacob O.},
	title = {Drunk User Interfaces: Determining Blood Alcohol Level Through Everyday Smartphone Tasks},
	booktitle = {Proceedings of the 2018 CHI Conference on Human Factors in Computing Systems},
	series = {CHI '18},
	year = {2018},
	isbn = {978-1-4503-5620-6},
	location = {Montreal QC, Canada},
	pages = {234:1--234:13},
	articleno = {234},
	numpages = {13},
	url = {http://doi.acm.org/10.1145/3173574.3173808},
	doi = {10.1145/3173574.3173808},
	acmid = {3173808},
	publisher = {ACM},
	address = {New York, NY, USA},
	keywords = {alcohol, driving, drunkenness, health, inebriation, mobile, safety, situational impairments, smartphones},
} 
@INPROCEEDINGS{raj1,
	author={R. Kumar and P. P. Kundu and V. V. Phoha},
	booktitle={2018 IEEE 4th International Conference on Identity, Security, and Behavior Analysis (ISBA)},
	title={Continuous authentication using one-class classifiers and their fusion},
	year={2018},
	pages={1-8},
	keywords={biometrics (access control);pattern classification;security of data;support vector machines;MCC;multiclass classifiers;distinct behavioral biometric datasets;support vector machines;isolation forest;elliptic envelope;one-class classifiers OCC;genuine impostor classes;CAS;continuous authentication systems;Authentication;Training;Acceleration;Support vector machines;Accelerometers;Error analysis},
	doi={10.1109/ISBA.2018.8311467},
	ISSN={},
	month={Jan},}
@inproceedings{raj2,
	author = {Centeno, Mario Parre\~{n}o and Guan, Yu and van Moorsel, Aad},
	title = {Mobile Based Continuous Authentication Using Deep Features},
	booktitle = {Proceedings of the 2Nd International Workshop on Embedded and Mobile Deep Learning},
	series = {EMDL'18},
	year = {2018},
	isbn = {978-1-4503-5844-6},
	location = {Munich, Germany},
	pages = {19--24},
	numpages = {6},
	url = {http://doi.acm.org/10.1145/3212725.3212732},
	doi = {10.1145/3212725.3212732},
	acmid = {3212732},
	publisher = {ACM},
	address = {New York, NY, USA},
	keywords = {Biometrics, Continuous authentication, Learning latent representations, Motion authentication, Siamese CNN},
}
@inproceedings{tmd,
	author = {Carpineti C., Lomonaco V., Bedogni L., Di Felice M., Bononi L.},
	title = {Custom Dual Transportation Mode Detection by Smartphone Devices Exploiting Sensor Diversity},
	booktitle = {Proceedings of the 14th Workshop on Context and Activity Modeling and Recognition (IEEE COMOREA 2018)},
	year = {2018},
	location = {Athens, Greece},
	url = {http://cs.unibo.it/projects/us-tm2017/download.html},
} 
@article{jiangcnn,
	author = {Jiang, Wei},
	year = {2018},
	month = {12},
	title = {Method for Detecting Javascript Code Obfuscation based on Convolutional Neural Network},
	volume = {14},
	journal = {International Journal of Performability Engineering},
	doi = {10.23940/ijpe.18.12.p26.31673173}
}
@article{jsnice1,
	author = {Raychev, Veselin and Vechev, Martin and Krause, Andreas},
	title = {Predicting Program Properties from 'Big Code'},
	journal = {Commun. ACM},
	issue_date = {March 2019},
	volume = {62},
	number = {3},
	year = {2019},
	issn = {0001-0782},
	pages = {99--107},
	numpages = {9},
	url = {http://doi.acm.org/10.1145/3306204},
	doi = {10.1145/3306204},
	acmid = {3306204},
	publisher = {ACM},
	address = {New York, NY, USA},
}

@article{jsnice2,
	author = {Raychev, Veselin and Vechev, Martin and Krause, Andreas},
	title = {Predicting Program Properties from "Big Code"},
	journal = {SIGPLAN Not.},
	issue_date = {January 2015},
	volume = {50},
	number = {1},
	year = {2015},
	issn = {0362-1340},
	pages = {111--124},
	numpages = {14},
	url = {http://doi.acm.org/10.1145/2775051.2677009},
	doi = {10.1145/2775051.2677009},
	acmid = {2677009},
	publisher = {ACM},
	address = {New York, NY, USA},
	keywords = {big code, closure compiler, conditional random fields, javascript, names, program properties, structured prediction, types},
} 
@ONLINE{jsnice3,
	title = {JS NICE: Statistical renaming, Type inference and Deobfuscation},
	URL = {https://jsnice.org},
	urldate= {2019-03-07},
}
@ONLINE{nice2predict,
	title = {Nice2Predict},
	URL = {https://jsnice.org},
	urldate= {2019-03-07},
}
@inproceedings{bichselandroid,
	author = {Bichsel, Benjamin and Raychev, Veselin and Tsankov, Petar and Vechev, Martin},
	title = {Statistical Deobfuscation of Android Applications},
	booktitle = {Proceedings of the 2016 ACM SIGSAC Conference on Computer and Communications Security},
	series = {CCS '16},
	year = {2016},
	isbn = {978-1-4503-4139-4},
	location = {Vienna, Austria},
	pages = {343--355},
	numpages = {13},
	url = {http://doi.acm.org/10.1145/2976749.2978422},
	doi = {10.1145/2976749.2978422},
	acmid = {2978422},
	publisher = {ACM},
	address = {New York, NY, USA},
	keywords = {malware inspection, program deobfuscation, reverse engineering},
}


@article{Raychev2014,
	author = {Raychev, Veselin and Vechev, Martin and Yahav, Eran},
	title = {Code Completion with Statistical Language Models},
	journal = {SIGPLAN Not.},
	issue_date = {June 2014},
	volume = {49},
	number = {6},
	month = jun,
	year = {2014},
	issn = {0362-1340},
	pages = {419--428},
	numpages = {10},
	url = {http://doi.acm.org/10.1145/2666356.2594321},
	doi = {10.1145/2666356.2594321},
	acmid = {2594321},
	publisher = {ACM},
	address = {New York, NY, USA},
} 

@inproceedings{forth,
	author = {Bo\v{s}njak, Matko and Rockt\"{a}schel, Tim and Naradowsky, Jason and Riedel, Sebastian},
	title = {Programming with a Differentiable Forth Interpreter},
	booktitle = {Proceedings of the 34th International Conference on Machine Learning - Volume 70},
	series = {ICML'17},
	year = {2017},
	location = {Sydney, NSW, Australia},
	pages = {547--556},
	numpages = {10},
	url = {http://dl.acm.org/citation.cfm?id=3305381.3305438},
	acmid = {3305438},
	publisher = {JMLR.org},
} 
@ONLINE{bigcodedataset,
	title = {Datasets - Learning from "Big Code"},
	URL = {https://learnbigcode.github.io/datasets/},
	urldate= {2019-03-07},
}
@article{neelkant,
	author    = {Neel Kant},
	title     = {Recent Advances in Neural Program Synthesis},
	journal   = {CoRR},
	volume    = {abs/1802.02353},
	year      = {2018},
	url       = {http://arxiv.org/abs/1802.02353},
	archivePrefix = {arXiv},
	eprint    = {1802.02353},
	timestamp = {Mon, 13 Aug 2018 16:46:30 +0200},
	biburl    = {https://dblp.org/rec/bib/journals/corr/abs-1802-02353},
	bibsource = {dblp computer science bibliography, https://dblp.org}
}
@article{ntm,
	author    = {Alex Graves and
	Greg Wayne and
	Ivo Danihelka},
	title     = {Neural Turing Machines},
	journal   = {CoRR},
	volume    = {abs/1410.5401},
	year      = {2014},
	url       = {http://arxiv.org/abs/1410.5401},
	archivePrefix = {arXiv},
	eprint    = {1410.5401},
	timestamp = {Mon, 13 Aug 2018 16:46:28 +0200},
	biburl    = {https://dblp.org/rec/bib/journals/corr/GravesWD14},
	bibsource = {dblp computer science bibliography, https://dblp.org}
}
@article{lstm,
	author = {Hochreiter, Sepp and Schmidhuber, J\"{u}rgen},
	title = {Long Short-Term Memory},
	journal = {Neural Comput.},
	issue_date = {November 15, 1997},
	volume = {9},
	number = {8},
	month = nov,
	year = {1997},
	issn = {0899-7667},
	pages = {1735--1780},
	numpages = {46},
	url = {http://dx.doi.org/10.1162/neco.1997.9.8.1735},
	doi = {10.1162/neco.1997.9.8.1735},
	acmid = {1246450},
	publisher = {MIT Press},
	address = {Cambridge, MA, USA},
} 

@techreport{nlprnn, 
	author = {Xi Victoria Lin and Chenglong Wang and Deric Pang and Kevin Vu and Luke Zettlemoyer and Michael D. Ernst}, 
	title = {Program synthesis from natural language using recurrent neural networks}, 
	institution = {University of Washington Department of Computer Science and Engineering}, 
	number = {UW-CSE-17-03-01}, 
	address = {Seattle, WA, USA}, 
	month = mar, 
	year = {2017} 
}